@book{pilkey2020,
  author = {Pilkey, W.D. and Pilkey, D.F.},
  title = {Peterson's Stress Concentration Factors},
  edition = {3rd},
  publisher = {John Wiley \& Sons},
  year = {2020}
}

@article{inglis1913,
  author = {Inglis, C.E.},
  title = {Stresses in a plate due to the presence of cracks and sharp corners},
  journal = {Transactions of the Institute of Naval Architects},
  volume = {55},
  pages = {219--241},
  year = {1913}
}

@book{budynas2019,
  author = {Budynas, R.G. and Nisbett, J.K.},
  title = {Shigley's Mechanical Engineering Design},
  edition = {11th},
  publisher = {McGraw-Hill Education},
  year = {2019}
}

@book{young2011,
  author = {Young, W.C. and Budynas, R.G.},
  title = {Roark's Formulas for Stress and Strain},
  edition = {8th},
  publisher = {McGraw-Hill Professional},
  year = {2011}
}

@book{savin1961,
  author = {Savin, G.N.},
  title = {Stress Concentration Around Holes},
  publisher = {Pergamon Press},
  year = {1961}
}

@book{niu2011,
  author = {Niu, M.C.Y.},
  title = {Airframe Stress Analysis and Sizing},
  edition = {3rd},
  publisher = {Conmilit Press},
  year = {2011}
}

@book{megson2016,
  author = {Megson, T.H.G.},
  title = {Aircraft Structures for Engineering Students},
  edition = {6th},
  publisher = {Butterworth-Heinemann},
  year = {2016}
}

@book{timoshenko1970,
  author = {Timoshenko, S.P. and Goodier, J.N.},
  title = {Theory of Elasticity},
  edition = {3rd},
  publisher = {McGraw-Hill Education},
  year = {1970}
}

@misc{matweb7075,
  author = {MatWeb, LLC},
  title = {7075-T6 Aluminum Material Properties},
  howpublished = {\url{https://asm.matweb.com/search/specificmaterial.asp?bassnum=ma7075t6}},
  note = {Accessed December 29, 2024}
}

@misc{aircraftaluminium,
  author = {Aircraft Aluminium},
  title = {What Are 2024-T3 and 7075-T6 Properties?},
  howpublished = {\url{https://www.aircraftaluminium.com/a/what-are-2024t3-and-7075t6-properties.html}},
  note = {Accessed December 29, 2024}
}

@misc{rosap2024,
  author = {U.S. Department of Transportation},
  title = {Research and Innovative Technology Administration: Federal Aviation Administration Aircraft Material Database},
  howpublished = {\url{https://rosap.ntl.bts.gov/view/dot/57676/dot_57676_DS1.pdf}},
  note = {Accessed December 29, 2024}
}

@misc{carpenterTi64,
  author = {Carpenter Technology},
  title = {Ti 6Al-4V Material Safety Data Sheet},
  howpublished = {\url{https://www.carpentertechnology.com/hubfs/7407324/Material%20Saftey%20Data%20Sheets/Ti%206Al-4V.pdf}},
  note = {Accessed December 29, 2024}
}

@misc{nasa2015,
  author = {NASA},
  title = {Advanced Materials for Aerospace Applications},
  howpublished = {\url{https://ntrs.nasa.gov/api/citations/20150003482/downloads/20150003482.pdf}},
  note = {Accessed December 29, 2024}
}

@misc{flightsafety2024,
  author = {Flight Safety Foundation},
  title = {Blade Fatigue Crack Cited in 2018 Fatal Depressurization},
  howpublished = {\url{https://flightsafety.org/blade-fatigue-crack-cited-in-2018-fatal-depressurization/#:~:text=A%20fatigue%20crack%20in%20a,Board%20(NTSB)%20said%20today}},
  note = {Accessed December 29, 2024}
}

@misc{conceptanalyst2024,
  author = {Concept Analyst},
  title = {Engineering Analysis for Stress Concentration},
  howpublished = {\url{http://www.concept-analyst.com/}}
}

@misc{ati2024,
  author = {ATI Online},
  title = {Catching Cracks},
  howpublished = {\url{https://ati.mydigitalpublication.co.uk/articles/catching-cracks}}
}

@misc{mechanicalmaterials2024,
  author = {Unknown Author},
  title = {Strength of Materials},
  howpublished = {\url{https://160592857366.free.fr/joe/ebooks/Mechanical%20Engineering%20Books%20Collection/STRENGTH%20OF%20MATERIALS/MechaMatBreif.pdf}}
}

@book{benham1996,
  author = {Benham, P.P. and Crawford, R.J. and Armstrong, C.G.},
  title = {Mechanics of Engineering Materials},
  edition = {2nd},
  publisher = {Pearson},
  year = {1996}
}

@book{peterson1974,
  author = {Peterson, R.E.},
  title = {Stress Concentration Factors},
  publisher = {John Wiley \& Sons},
  address = {New York},
  year = {1974}
}

@book{norton2019machine,
    author    = {Norton, Robert L.},
    title     = {Machine Design: An Integrated Approach},
    edition   = {6},
    publisher = {Pearson},
    year      = {2019},
    isbn      = {9780135184233}
}
@manual{boeing_737_overhaul,
  author       = {Boeing},
  title        = {Overhaul Manual: Boeing 737},
  year         = {n.d.},
  note         = {Retrieved January 7, 2025},
  url          = {https://purepdf.cc/download/4918404-Overhaul%20Manual%20Boeing%20737},
  howpublished = {PDF document},
  organization = {Boeing Company},
}

@misc{lufthansa_predictive_maintenance,
  author       = {Lufthansa Industry Solutions},
  title        = {Advancing the Future of Predictive Maintenance},
  year         = {n.d.},
  note         = {Retrieved January 7, 2025},
  url          = {https://www.lufthansa-industry-solutions.com/de-en/solutions-products/aviation/advancing-the-future-of-predictive-maintenance},
  howpublished = {Webpage},
  organization = {Lufthansa Industry Solutions},
}


@article{meguid1995finite,
    author  = {Meguid, S. A. and Gaultier, P. E.},
    title   = {Finite Element Analysis of Stress Concentration in Rotating Disks with Bolt Holes},
    journal = {Journal of Engineering for Gas Turbines and Power},
    volume  = {117},
    number  = {2},
    pages   = {341-347},
    year    = {1995},
    doi     = {10.1115/1.2814100}
}

@book{rao2011mechanical,
    author    = {Rao, J. S.},
    title     = {Turbomachine Blade Vibration},
    publisher = {New Age International},
    year      = {2011},
    isbn      = {9788122422337}
}


@misc{rivet_edge_distance,
  author       = {Mechanic Support Blog},
  title        = {Rivet Edge Distance},
  year         = {2009},
  note         = {Published December 2009. Retrieved January 7, 2025},
  url          = {https://mechanicsupport.blogspot.com/2009/12/rivet-edge-distance.html},
  howpublished = {Blog post},
}

@misc{cranfield_resource,
  author       = {Cranfield University},
  title        = {Resource from Cranfield University Repository},
  year         = {n.d.},
  note         = {Retrieved January 7, 2025},
  url          = {https://dspace.lib.cranfield.ac.uk/server/api/core/bitstreams/de5853e7-88f9-4728-9d49-b0dcd0d5dc63/content},
  organization = {Cranfield University},
}

@misc{faa_galyv,
  author       = {Federal Aviation Administration},
  title        = {G-ALYV Accident Lessons Learned},
  year         = {n.d.},
  note         = {Retrieved January 7, 2025},
  url          = {https://www.faa.gov/lessons_learned/transport_airplane/accidents/G-ALYV},
  organization = {Federal Aviation Administration},
}


@article{kassapoglou2013design,
    author    = {Kassapoglou, Christos},
    title     = {Design and Analysis of Composite Structures: With Applications to Aerospace Structures},
    publisher = {John Wiley \& Sons},
    year      = {2013},
    doi       = {10.1002/9781118536933}
}

@article{pilkey2020peterson,
    author    = {Pilkey, Walter D. and Pilkey, Deborah F.},
    title     = {Peterson's Stress Concentration Factors},
    edition   = {4},
    publisher = {John Wiley \& Sons},
    year      = {2020},
    isbn      = {9781119532347}
}

@book{ghali2009,
  author = {Ghali, A. and Neville, A.M. and Brown, T.G.},
  title = {Structural Analysis: A Unified Classical and Matrix Approach},
  edition = {6th},
  publisher = {Taylor \& Francis},
  year = {2009}
}

@book{mcguire2000,
  author = {McGuire, W. and Gallagher, R.H. and Ziemian, R.D.},
  title = {Matrix Structural Analysis},
  edition = {2nd},
  publisher = {Wiley},
  year = {2000}
}

@book{powrie2014,
  author = {Powrie, W.},
  title = {Soil Mechanics: Concepts and Applications},
  edition = {3rd},
  publisher = {CRC Press},
  year = {2014}
}

@book{rao2011,
  author = {Rao, S.S. and Yap, F.F.},
  title = {Mechanical Vibrations},
  edition = {5th, SI Units},
  publisher = {Pearson},
  year = {2011}
}

@book{williams2000,
  author = {Williams, M.},
  title = {Structures: Theory and Analysis},
  publisher = {CRC Press},
  year = {2000}
} 

@techreport{ntsb2019,
  title        = {Aircraft Accident Report: Rapid Decompression Event, Southwest Airlines Flight 1380, Boeing 737-7H4, N772SW, Philadelphia, Pennsylvania, April 17, 2018},
  author       = {National Transportation Safety Board (NTSB)},
  institution  = {National Transportation Safety Board},
  year         = {2019},
  url          = {https://www.ntsb.gov/investigations/AccidentReports/Reports/AAR1903.pdf},
  note         = {Report No. AAR-19/03}
}

@techreport{ntsb1989,
  title        = {Aircraft Accident Report: Aloha Airlines, Flight 243, Boeing 737-200, N73711, near Maui, Hawaii, April 28, 1988},
  author       = {National Transportation Safety Board (NTSB)},
  institution  = {National Transportation Safety Board},
  year         = {1989},
  number       = {NTSB/AAR-89/03},
  url          = {https://www.ntsb.gov/investigations/Pages/DCA88MA054.aspx},
  note         = {Accessed January 7, 2025}
}

@book{pilkey2020,
  author    = {Pilkey, W.D. and Pilkey, D.F.},
  title     = {Peterson's Stress Concentration Factors},
  edition   = {3rd},
  publisher = {John Wiley & Sons},
  year      = {2020}
}

@book{young2011,
  author    = {Young, W.C. and Budynas, R.G.},
  title     = {Roark's Formulas for Stress and Strain},
  edition   = {8th},
  publisher = {McGraw-Hill Professional},
  year      = {2011}
}

@book{megson2016,
  author    = {Megson, T.H.G.},
  title     = {Aircraft Structures for Engineering Students},
  edition   = {6th},
  publisher = {Butterworth-Heinemann},
  year      = {2016}
}

@book{niu2011,
  author    = {Niu, M.C.Y.},
  title     = {Airframe Stress Analysis and Sizing},
  edition   = {3rd},
  publisher = {Conmilit Press},
  year      = {2011}
}

@misc{faa_ac_25_571_1d,
  author       = {{Federal Aviation Administration}},
  title        = {Damage Tolerance and Fatigue Evaluation of Structure},
  year         = {2022},
  note         = {Advisory Circular No. AC 25.571-1D},
  url          = {https://www.faa.gov/documentLibrary/media/Advisory_Circular/AC_25_571-1D_.pdf},
}

@misc{saintvenant,
  author       = {Whelan, Matthew},
  title        = {Saint-Venant's Principle},
  year         = {2010},
  howpublished = {\url{https://coefs.charlotte.edu/mwhelan3/files/2010/10/ICD_Saint_Venant1.pdf}},
  note         = {Accessed January 7, 2025}
}
@misc{energy_methods,
  author       = {Brown University},
  title        = {Energy Methods in Mechanics},
  year         = {n.d.},
  howpublished = {\url{https://www.brown.edu/Departments/Engineering/Courses/En1750/Notes/Energy/Energy.htm}},
  note         = {Accessed January 7, 2025}
}

@article{sciencedirect2009,
  author       = {C.M. Wang and V. Karihaloo and C. Zhang},
  title        = {Saint-Venant's principle in the context of stress concentration and structural mechanics},
  journal      = {International Journal of Solids and Structures},
  volume       = {46},
  number       = {11-12},
  pages        = {2265-2275},
  year         = {2009},
  publisher    = {Elsevier},
  doi          = {10.1016/j.ijsolstr.2009.02.014},
  url          = {https://www.sciencedirect.com/science/article/pii/S0020768309001620}
}


@misc{airbus_a350,
  author       = {Airbus},
  title        = {Airbus A350 XWB Update},
  year         = {2014},
  howpublished = {\url{https://www.researchgate.net/publication/251494261_Airbus_A350_XWB_update}},
  note         = {Accessed January 7, 2025}
}

@misc{ecrc_template,
  author       = {University of Edinburgh},
  title        = {ECRC Template},
  year         = {n.d.},
  howpublished = {\url{https://www.pure.ed.ac.uk/ws/portalfiles/portal/80082873/ecrc_template_Revision_BlackText.pdf}},
  note         = {Accessed January 7, 2025}
}